@misc{mit,
    title={Lecture 5: Amortization},
    author={Demaine, Erik and Srini Devadas and Nancy Lynch},
    date={2015},
    note={6.046J: Design and Analysis of Algorithms, Massachusetts Institute of Technology},
    url={https://ocw.mit.edu/courses/6-046j-design-and-analysis-of-algorithms-spring-2015/13e2c7d165259712327af0af312a068e_MIT6_046JS15_lec05.pdf},
    urldate={2023-11-17}
}

@misc{cs471,
    title={Lecture 15: Two-Dimensional Finite Differencing},
    author={Schroder, Jacob},
    howpublished={University Lecture},
    date={2023-10-10},
    note={MATH/CS 471: Introduction to Scientific Computing, University of New Mexico}
}
